<collection xmlns="http://www.loc.gov/MARC21/slim">
<record>
  <leader>01091nam0a22002291i 450 </leader>
  <controlfield tag="001">IT\ICCU\CNCE\039974</controlfield>
  <controlfield tag="005">20130301000000.0</controlfield>
  <datafield tag="012" ind1=" " ind2=" ">
    <subfield code="a">o.i: s.i. sean plse (C) 1507 (R)</subfield>
    <subfield code="2">fei</subfield>
  </datafield>
  <datafield tag="100" ind1=" " ind2=" ">
    <subfield code="a">19981113d1507        0itac0103    ba</subfield>
  </datafield>
  <datafield tag="101" ind1=" " ind2=" ">
    <subfield code="a">ITA</subfield>
  </datafield>
  <datafield tag="102" ind1=" " ind2=" ">
    <subfield code="a">IT</subfield>
  </datafield>
  <datafield tag="200" ind1="1" ind2=" ">
    <subfield code="a">In comenza el libro de la prima nauigatione per l&apos;oceano a le terre de Nigri de la Bassa Ethiopia ...</subfield>
  </datafield>
  <datafield tag="210" ind1=" " ind2=" ">
    <subfield code="e">In Vicentia</subfield>
    <subfield code="g">cum la impensa de Henrico Vicentino &amp; la industria de Gianmaria suo fiol</subfield>
    <subfield code="h">1507</subfield>
  </datafield>
  <datafield tag="215" ind1=" " ind2=" ">
    <subfield code="a">125, \1! c.</subfield>
    <subfield code="c">ill.</subfield>
    <subfield code="d">4ʻ</subfield>
  </datafield>
  <datafield tag="300" ind1=" " ind2=" ">
    <subfield code="a">ANNULLATA  ̈la 39940 !!</subfield>
  </datafield>
  <datafield tag="620" ind1=" " ind2=" ">
    <subfield code="a">IT</subfield>
    <subfield code="d">Vicenza</subfield>
  </datafield>
  <datafield tag="712" ind1="0" ind2="0">
    <subfield code="a">Ca&apos;_Zeno, Enrico &amp; Ca&apos;_Zeno, Giovanni Maria</subfield>
    <subfield code="3">IT\ICCU\CNCT\003067</subfield>
    <subfield code="4">650</subfield>
  </datafield>
  <datafield tag="791" ind1="0" ind2="0">
    <subfield code="a">Zeno, Enrico &amp; Sant&apos;Orso, Giovanni Maria</subfield>
    <subfield code="3">IT\ICCU\CNCT\001414</subfield>
    <subfield code="z">Ca&apos;_Zeno, Enrico &amp; Ca&apos;_Zeno, Giovanni Maria</subfield>
  </datafield>
  <datafield tag="791" ind1="0" ind2="0">
    <subfield code="a">Sant&apos;Orso, Giovanni Maria</subfield>
    <subfield code="3">IT\ICCU\CNCT\001415</subfield>
    <subfield code="z">Ca&apos;_Zeno, Enrico &amp; Ca&apos;_Zeno, Giovanni Maria</subfield>
  </datafield>
  <datafield tag="791" ind1="0" ind2="0">
    <subfield code="a">Ca&apos;_Zeno, Giovanni Maria</subfield>
    <subfield code="3">IT\ICCU\CNCT\003068</subfield>
    <subfield code="z">Ca&apos;_Zeno, Enrico &amp; Ca&apos;_Zeno, Giovanni Maria</subfield>
  </datafield>
  <datafield tag="801" ind1=" " ind2="3">
    <subfield code="a">IT</subfield>
    <subfield code="b">ICCU</subfield>
    <subfield code="c">20201114</subfield>
  </datafield>
  <datafield tag="899" ind1=" " ind2=" ">
    <subfield code="a">Biblioteca Palatina. Parma</subfield>
    <subfield code="z">MUTILO</subfield>
    <subfield code="1">PR0072</subfield>
    <subfield code="2">PAR PA</subfield>
  </datafield>
</record>
</collection>
